@inproceedings{Rosen2015FSE,
 author = {Rosen, Christoffer and Grawi, Ben and Shihab, Emad},
 title = {Commit Guru: Analytics and Risk Prediction of Software Commits},
 booktitle = {Proceedings of the 2015 10th Joint Meeting on Foundations of Software Engineering},
 series = {ESEC/FSE 2015},
 year = {2015},
 location = {Bergamo, Italy},
 pages = {966--969},
 numpages = {4},
}  

@ARTICLE{AggrawalSEN04,
  author = {Aggrawal, K. K. and Singh, Yogesh and Kaur, A.},
  title = {Code coverage based technique for prioritizing test cases for regression
	testing},
  journal = {SIGSOFT Softw. Eng. Notes},
  year = {2004},
  volume = {29},
  number = {5}
}

@ARTICLE{Duran84TSE, 
author={J. W. Duran and S. C. Ntafos}, 
journal={IEEE Transactions on Software Engineering}, 
title={An Evaluation of Random Testing}, 
year={1984}, 
volume={SE-10}, 
number={4}, 
pages={438-444}, 
month={July},
}

@article{Arcuri2012TSE,
  title={Random testing: Theoretical results and practical implications},
  author={Arcuri, Andrea and Iqbal, Muhammad Zohaib and Briand, Lionel},
  journal={Software Engineering, IEEE Transactions on},
  volume={38},
  number={2},
  pages={258--277},
  year={2012},
  publisher={IEEE}
}